<?xml version="1.0" encoding="UTF-8" standalone="yes"?><bib><mms_id>990715687274702201</mms_id><record_format>marc21</record_format><linked_record_id/><title>Geostatistics for environmental scientists</title><author>Webster, Richard</author><isbn>9780470028582</isbn><complete_edition>2nd ed.</complete_edition><network_numbers><network_number>(NO-TrBIB)071568727</network_number><network_number>071568727-47bibsys_network</network_number></network_numbers><place_of_publication>Chichester</place_of_publication><publisher_const>Wiley</publisher_const><holdings link="https://api-eu.hosted.exlibrisgroup.com/almaws/v1/bibs/990715687274702201/holdings"/><created_by>import</created_by><created_date>2015-11-02Z</created_date><last_modified_by>system</last_modified_by><last_modified_date>2017-07-12Z</last_modified_date><suppress_from_publishing>false</suppress_from_publishing><originating_system>ILS</originating_system><originating_system_id>071568727-47bibsys_network</originating_system_id><record><leader>01031cam a2200325 c 4500</leader><controlfield tag="001">990715687274702201</controlfield><controlfield tag="005">20151019130341.0</controlfield><controlfield tag="007">ta</controlfield><controlfield tag="008">151019s2007    xx#|||||||||||000|u|eng|d</controlfield><datafield ind1=" " ind2=" " tag="020"><subfield code="a">9780470028582</subfield><subfield code="q">ib.</subfield></datafield><datafield ind1=" " ind2=" " tag="035"><subfield code="a">071568727-47bibsys_network</subfield></datafield><datafield ind1=" " ind2=" " tag="035"><subfield code="a">(NO-TrBIB)071568727</subfield></datafield><datafield ind1=" " ind2=" " tag="040"><subfield code="a">NO-TrBIB</subfield><subfield code="b">nob</subfield><subfield code="e">katreg</subfield></datafield><datafield ind1=" " ind2=" " tag="080"><subfield code="a">55:519.2</subfield></datafield><datafield ind1=" " ind2=" " tag="084"><subfield code="a">J142</subfield><subfield code="2">utk</subfield></datafield><datafield ind1="1" ind2=" " tag="100"><subfield code="a">Webster, Richard</subfield><subfield code="d">1933-</subfield><subfield code="0">(NO-TrBIB)90154248</subfield></datafield><datafield ind1="1" ind2="0" tag="245"><subfield code="a">Geostatistics for environmental scientists</subfield><subfield code="c">Richard Webster, Margaret A. Oliver</subfield></datafield><datafield ind1=" " ind2=" " tag="250"><subfield code="a">2nd ed.</subfield></datafield><datafield ind1=" " ind2=" " tag="260"><subfield code="a">Chichester</subfield><subfield code="b">Wiley</subfield><subfield code="c">c2007</subfield></datafield><datafield ind1=" " ind2=" " tag="300"><subfield code="a">XII, 315 s.</subfield><subfield code="b">ill.</subfield></datafield><datafield ind1="1" ind2=" " tag="490"><subfield code="a">Statistics in practice</subfield></datafield><datafield ind1=" " ind2="7" tag="650"><subfield code="a">Statistikk</subfield><subfield code="2">noubomn</subfield></datafield><datafield ind1=" " ind2="7" tag="650"><subfield code="a">Geovitenskap</subfield><subfield code="2">noubomn</subfield></datafield><datafield ind1=" " ind2="7" tag="650"><subfield code="a">Geostatistikk</subfield><subfield code="2">noubomn</subfield></datafield><datafield ind1=" " ind2="7" tag="650"><subfield code="a">Geologi</subfield><subfield code="x">Statistiske modeller</subfield><subfield code="2">tekord</subfield></datafield><datafield ind1=" " ind2=" " tag="653"><subfield code="a">geostatistikk</subfield><subfield code="a">statistikk</subfield><subfield code="a">geofag</subfield></datafield><datafield ind1="1" ind2=" " tag="700"><subfield code="a">Oliver, Margaret A.</subfield><subfield code="0">(NO-TrBIB)90553740</subfield></datafield><datafield ind1="0" ind2=" " tag="776"><subfield code="t">Geostatistics for environmental scientists</subfield><subfield code="w">991408458874702201</subfield></datafield><datafield ind1=" " ind2="0" tag="830"><subfield code="a">Statistics in practice</subfield></datafield><datafield ind1=" " ind2=" " tag="901"><subfield code="a">80</subfield></datafield></record></bib>